@misc{ROOT,
    author       = {ROOT Collaboration},
    title        = {ROOT - An Object-Oriented Data Analysis Framework},
    year         = {1995-2022},
    url          = {https://root.cern},
    note         = {Version 6},
}
@misc{python,
    author       = {Python Software Foundation},
    title        = {Python Programming Language},
    year         = {1991--present},
    url          = {https://www.python.org},
}



@software{Origin(Pro),
  author = {{OriginLab Corporation, Northampton, MA, USA}},
  title = {OriginPro},
  url = {https://www.originlab.com/},
  version = {2021},
  date = {13-0.1-2023},
}


@misc{DFTpaper,
  title={Write a Simple 1-D DFT Code in Python},
  author={Ask Hjorth Larsen,Keenan Lyon},
  date = {September-2018},
  url = {http://dcwww.camd.dtu.dk/~askhl/files/python-dft-exercises.pdf}
}

@article{reynolds2014capacitance,
  title={Capacitance-voltage profiling: Research-grade approach versus low-cost alternatives},
  author={Reynolds, Neal D and Panda, Cristian D and Essick, John M},
  journal={American Journal of Physics},
  volume={82},
  number={3},
  pages={196--205},
  year={2014},
  publisher={AIP Publishing}
}




@Article{         harris2020array,
 title         = {Array programming with {NumPy}},
 author        = {Charles R. Harris and K. Jarrod Millman and St{\'{e}}fan J.
                 van der Walt and Ralf Gommers and Pauli Virtanen and David
                 Cournapeau and Eric Wieser and Julian Taylor and Sebastian
                 Berg and Nathaniel J. Smith and Robert Kern and Matti Picus
                 and Stephan Hoyer and Marten H. van Kerkwijk and Matthew
                 Brett and Allan Haldane and Jaime Fern{\'{a}}ndez del
                 R{\'{i}}o and Mark Wiebe and Pearu Peterson and Pierre
                 G{\'{e}}rard-Marchant and Kevin Sheppard and Tyler Reddy and
                 Warren Weckesser and Hameer Abbasi and Christoph Gohlke and
                 Travis E. Oliphant},
 year          = {2020},
 month         = sep,
 journal       = {Nature},
 volume        = {585},
 number        = {7825},
 pages         = {357--362},
 doi           = {10.1038/s41586-020-2649-2},
 publisher     = {Springer Science and Business Media {LLC}},
 url           = {https://doi.org/10.1038/s41586-020-2649-2}
}



@ARTICLE{2020SciPy-NMeth,
  author  = {Virtanen, Pauli and Gommers, Ralf and Oliphant, Travis E. and
            Haberland, Matt and Reddy, Tyler and Cournapeau, David and
            Burovski, Evgeni and Peterson, Pearu and Weckesser, Warren and
            Bright, Jonathan and {van der Walt}, St{\'e}fan J. and
            Brett, Matthew and Wilson, Joshua and Millman, K. Jarrod and
            Mayorov, Nikolay and Nelson, Andrew R. J. and Jones, Eric and
            Kern, Robert and Larson, Eric and Carey, C J and
            Polat, {\.I}lhan and Feng, Yu and Moore, Eric W. and
            {VanderPlas}, Jake and Laxalde, Denis and Perktold, Josef and
            Cimrman, Robert and Henriksen, Ian and Quintero, E. A. and
            Harris, Charles R. and Archibald, Anne M. and
            Ribeiro, Ant{\^o}nio H. and Pedregosa, Fabian and
            {van Mulbregt}, Paul and {SciPy 1.0 Contributors}},
  title   = {{{SciPy} 1.0: Fundamental Algorithms for Scientific
            Computing in Python}},
  journal = {Nature Methods},
  year    = {2020},
  volume  = {17},
  pages   = {261--272},
  adsurl  = {https://rdcu.be/b08Wh},
  doi     = {10.1038/s41592-019-0686-2},
}


@Article{Hunter:2007,
  Author    = {Hunter, J. D.},
  Title     = {Matplotlib: A 2D graphics environment},
  Journal   = {Computing in Science \& Engineering},
  Volume    = {9},
  Number    = {3},
  Pages     = {90--95},
  abstract  = {Matplotlib is a 2D graphics package used for Python for
  application development, interactive scripting, and publication-quality
  image generation across user interfaces and operating systems.},
  publisher = {IEEE COMPUTER SOC},
  doi       = {10.1109/MCSE.2007.55},
  year      = 2007
}


@misc{csparkresearch,
  title = {SEELablet},
  author = {{csparkresearch}},
  howpublished = {\url{https://github.com/csparkresearch/SEELablet.git}},
  year = {Year},
  note = {Accessed: March 3, 2024}
}


@article{vilhena2014construction,
  title={Construction of the B88 exchange-energy functional in two dimensions},
  author={Vilhena, JG and Rasanen, E and Marques, Miguel AL and Pittalis, S},
  journal={Journal of Chemical Theory and Computation},
  volume={10},
  number={5},
  pages={1837--1842},
  year={2014},
  publisher={ACS Publications}
}



@article{SciencePlots,
  author       = {John D. Garrett},
  title        = {{garrettj403/SciencePlots}},
  month        = sep,
  year         = 2021,
  publisher    = {Zenodo},
  version      = {1.0.9},
  doi          = {10.5281/zenodo.4106649},
  url          = {http://doi.org/10.5281/zenodo.4106649}
}